%%% Graph Kernels %%%

% Vish 2010 Paper on Graph Kernels
@article{vishwanathan2010graph,
  title={Graph kernels},
  author={Vishwanathan, S Vichy N and Schraudolph, Nicol N and Kondor, Risi and Borgwardt, Karsten M},
  journal={The Journal of Machine Learning Research},
  volume={11},
  pages={1201--1242},
  year={2010},
  publisher={JMLR. org}
}

% Survey of GK
@article{kriege2020survey,
  title={A survey on graph kernels},
  author={Kriege, Nils M and Johansson, Fredrik D and Morris, Christopher},
  journal={Applied Network Science},
  volume={5},
  number={1},
  pages={1--42},
  year={2020},
  publisher={SpringerOpen}
}

% Google Guy paper on GK for document similarity.
@inproceedings{nikolentzos2017shortest,
  title={Shortest-path graph kernels for document similarity},
  author={Nikolentzos, Giannis and Meladianos, Polykarpos and Rousseau, Fran{\c{c}}ois and Stavrakas, Yannis and Vazirgiannis, Michalis},
  booktitle={Proceedings of the 2017 Conference on Empirical Methods in Natural Language Processing},
  pages={1890--1900},
  year={2017}
}

% First appearance
@inproceedings{kondor2002diffusion,
  title={Diffusion kernels on graphs and other discrete structures},
  author={Kondor, Risi Imre and Lafferty, John},
  booktitle={Proceedings of the 19th international conference on machine learning},
  volume={2002},
  pages={315--22},
  year={2002}
}

% Text Mining and Graph Kernels
@inproceedings{vazirgiannis2018graphrep,
  title={GraphRep: boosting text mining, NLP and information retrieval with graphs},
  author={Vazirgiannis, Michalis and Malliaros, Fragkiskos D and Nikolentzos, Giannis},
  booktitle={Proceedings of the 27th ACM International Conference on Information and Knowledge Management},
  pages={2295--2296},
  year={2018}
}


%%% Skip Grams %%%

% What is a skip-gram
@article{cheng2006n,
  title={From n-gram to skipgram to concgram},
  author={Cheng, Winnie and Greaves, Chris and Warren, Martin},
  journal={International journal of corpus linguistics},
  volume={11},
  number={4},
  pages={411--433},
  year={2006},
  publisher={John Benjamins}
}

@inproceedings{guthrie2006closer,
  title={A closer look at skip-gram modelling.},
  author={Guthrie, David and Allison, Ben and Liu, Wei and Guthrie, Louise and Wilks, Yorick},
  booktitle={LREC},
  volume={6},
  pages={1222--1225},
  year={2006},
  organization={Citeseer}
}



%%% Text Mining %%%




%%% Field Specific %%%

% Kernel of Truth - Social Media mining
@inproceedings{rosenfeld2020kernel,
  title={A Kernel of Truth: Determining Rumor Veracity on Twitter by Diffusion Pattern Alone},
  author={Rosenfeld, Nir and Szanto, Aron and Parkes, David C},
  booktitle={Proceedings of The Web Conference 2020},
  pages={1018--1028},
  year={2020}
}


%%% ICCDA paper %%%%
@inproceedings{akioyamen2020framework,
  title={A Framework for Intelligent Navigation Using Latent Dirichlet Allocation on Reddit Posts About Opiates},
  author={Akioyamen, Peter and Nicklas, Levi C and Sanchez-Arias, Reinaldo},
  booktitle={Proceedings of the 2020 the 4th International Conference on Compute and Data Analysis},
  pages={190--196},
  year={2020}
}

%%% Other %%%

% SOFTWARE - tidyverse

@article{wickham2019welcome,
  title={Welcome to the Tidyverse},
  author={Wickham, Hadley and Averick, Mara and Bryan, Jennifer and Chang, Winston and McGowan, Lucy D'Agostino and Fran{\c{c}}ois, Romain and Grolemund, Garrett and Hayes, Alex and Henry, Lionel and Hester, Jim and others},
  journal={Journal of Open Source Software},
  volume={4},
  number={43},
  pages={1686},
  year={2019}
}

%Graph Kernels Package
@article{sugiyama2018graphkernels,
  title={graphkernels: R and Python packages for graph comparison},
  author={Sugiyama, Mahito and Ghisu, M Elisabetta and Llinares-L{\'o}pez, Felipe and Borgwardt, Karsten},
  journal={Bioinformatics},
  volume={34},
  number={3},
  pages={530--532},
  year={2018},
  publisher={Oxford University Press}
}

@article{sugiyama2015halting,
  title={Halting in random walk kernels},
  author={Sugiyama, Mahito and Borgwardt, Karsten},
  journal={Advances in neural information processing systems},
  volume={28},
  pages={1639--1647},
  year={2015}
}


% igraph
@article{csardi2013package,
  title={Package ‘igraph’},
  author={Csardi, Maintainer Gabor},
  journal={Last accessed},
  volume={3},
  number={09},
  pages={2013},
  year={2013}
}

@article{csardi2006igraph,
  title={The igraph software package for complex network research},
  author={Csardi, Gabor and Nepusz, Tamas and others},
  journal={InterJournal, complex systems},
  volume={1695},
  number={5},
  pages={1--9},
  year={2006}
}

% SOFTWARE - tidytext
@article{silge2016tidytext,
  title={tidytext: Text mining and analysis using tidy data principles in R},
  author={Silge, Julia and Robinson, David},
  journal={Journal of Open Source Software},
  volume={1},
  number={3},
  pages={37},
  year={2016}
}

@misc{rivera2015package,
  title={Package ‘RedditExtractoR’},
  author={Rivera, Ivan and Rivera, Maintainer Ivan},
  year={2015}
}

@article{wickham2010stringr,
  title={Stringr: modern, consistent string processing},
  author={Wickham, Hadley},
  journal={The R Journal},
  volume={2},
  number={2},
  pages={38--40},
  year={2010}
}

@article{bengtsson2020unifying,
  title={A unifying framework for parallel and distributed processing in R using futures},
  author={Bengtsson, Henrik},
  journal={arXiv preprint arXiv:2008.00553},
  year={2020}
}


